@book{MGBCR04,
  author    = {Frank Mittelbach and Michel Goossens and Johannes Braams and David Carlisle and Chris Rowley},
  title     = {{The LATEX Companion}},
  edition   = {2},
  publisher = {Addison-Wesley Professional},
  month     = {4},
  year      = {2004},
  isbn      = {978-0-201-36299-2}
}

