@preamble{ "\newcommand{\noopsort}[1]{} " }

@misc{Kauschke,
  author = {Bastian Kauschke},
  title = {Backtracking},
  year = {2019},
  publisher = {GitHub},
  journal = {GitHub repository},
  howpublished = {\url{https://github.com/lcnr/backtracking}},
}

@misc{WikipediaEN:LFP,
    author = {David Eppstein},
    year = {2010},
    title = {Langford pairing},
    note = {Online; accessed September 14, 2019},
    howpublished = {\url{https://commons.wikimedia.org/w/index.php?curid=3947623}}
}

@book{TAOCP,
    author = {Donald Knuth},
    title = {The Art of Computer Programming: Volume 4, Pre-Fascicle 5b (Introduction to Backtracking)},
    year = {2019},
    address = {Stanford University},
}

@article{DBLP:journals/jlp/SomogyiHC96,
  author    = {Zoltan Somogyi and
               Fergus Henderson and
               Thomas C. Conway},
  title     = {The Execution Algorithm of Mercury, an Efficient Purely Declarative
               Logic Programming Language},
  journal   = {J. Log. Program.},
  volume    = {29},
  number    = {1-3},
  pages     = {17--64},
  year      = {1996},
  url       = {https://doi.org/10.1016/S0743-1066(96)00068-4},
  doi       = {10.1016/S0743-1066(96)00068-4},
  timestamp = {Wed, 14 Nov 2018 10:17:21 +0100},
  biburl    = {https://dblp.org/rec/bib/journals/jlp/SomogyiHC96},
  bibsource = {dblp computer science bibliography, https://dblp.org}
}

@incollection{btt:1998,
AUTHOR = {T. Blickle and J. Teich and L. Thiele},
TITLE = {{System}-{Level} {Synthesis} {Using} {Evolutionary} {Algorithms}},
BOOKTITLE = {Design Automation for Embedded Systems},
PUBLISHER = {Kluwer Academic Publishers},
ADDRESS = {Boston},
EDITOR = {Rajesh Gupta},
SERIES = 3,
PAGES = {23--62},
MONTH = jan,
YEAR = 1998 }

